@Article{Markowitz1952,
  author = {Harry Markowitz},
  year = {1952},
  title = {Portfolio Selection},
  journal = {The Journal of Finance},
  volume = {7},
  number = {1},
  pages = {77-91},
  url = {DOI:10.2307/2975974},
}
@Article{Sharpe1964,
  author = {William F. Sharpe},
  year = {1964},
  title = {Capital asset prices: A theory of market equilibrium under
conditions of risk},
  journal = {The Journal of Finance},
  volume = {19},
  number = {3},
  pages = {425-442},
  url = {10.2307/2977928},
}
@Article{OptVaR2000,
  author = {R. Tyrrell Rockafellar and Stanislav Uryasev},
  year = {2000},
  title = {Optimization of conditional value-at-risk},
  journal = {Journal of Risk},
  volume = {2},
  number = {3},
  pages = {21-41},
  url = {DOI:10.21314/JOR.2000.038},
}
@Article{Volatility2001,
  author = {Robert F. Engle and Andrew J. Patton},
  year = {2001},
  title = {What good is a volatility model?},
  journal = {Quantitative Finance},
  volume = {1},
  number = {2},
  pages = {237-245},
  url = {DOI:10.1088/1469-7688/1/2/305},
}
@Article{Linter1965,
  author = {John Lintner},
  year = {1965},
  title = {The valuation of risk assets and the selection of risky
investments in stock portfolios and capital budgets},
  journal = {The Review of Economics and Statistics},
  volume = {47},
  number = {1},
  pages = {13-37},
  url = {DOI:10.2307/1924119},
}
@Article{Dimitris2004,
  author = {Dimitris Bertsimasa and Geoffrey J. Lauprete and Alexander Samarovc},
  year = {1965},
  title = {Shortfall as a risk measure: properties,optimization and applications},
  journal = {Journal of Economic Dynamics \& Control},
  volume = {28},
  number = {7},
  pages = {1353-1381},
  url = {DOI:10.1016/S0165-1889(03)00109-X},
}
@Article{Javier2008,
  author = {Javier Estrada},
  year = {2008},
  title = {Mean-semivariance optimization: A heuristic approach},
  journal = {Journal of Applied Finance},
  volume = {18},
  number = {1},
  pages = {57-72},
  url = {DOI:10.2139/ssrn.1028206},
}
@Article{Diana2008,
  author = {Diana Roman and Gautam Mitra},
  year = {2008},
  title = {Portfolio selection models: a review and new directions},
  journal = {Wilmott Journal},
  volume = {1},
  number = {2},
  pages = {69-85},
  url = {DOI:0.1002/wilj.4},
}
@Mastersthesis{Jose2011,
  author = {José Salgado},
  year = {2011},
  title = {What best predicts realized and implied volatility: GARCH, GJR or FCGARCH?},
  type = {Master’s thesis, ISCTE-IUL},
  school = {Retrieved from \url{https://repositorio.iscte-iul.pt/bitstream/10071/4070/1/Tese_JoseSalgado.pdf}},
}




@Book{xie2015,
  title = {Dynamic Documents with {R} and knitr},
  author = {Yihui Xie},
  publisher = {Chapman and Hall/CRC},
  address = {Boca Raton, Florida},
  year = {2015},
  edition = {2nd},
  note = {ISBN 978-1498716963},
  url = {http://yihui.name/knitr/},
}
