@Manual{R-bookdown,
  title = {bookdown: Authoring Books and Technical Documents with R Markdown},
  author = {Yihui Xie},
  year = {2020},
  note = {R package version 0.20},
  url = {https://CRAN.R-project.org/package=bookdown},
}
@Manual{fGarch,
  title = {Rmetrics - Autoregressive Conditional Heteroskedastic Modelling},
  author = {Diethelm Wuertz and Tobias Setz and Yohan Chalabi and Chris Boudt and Pierre Chausse and Michal Miklovac},
  year = {2017},
  note = {R package version 3042.83.2},
  url = {https://CRAN.R-project.org/package=fGarch},
}
@Manual{fPortfolio,
  title = {Rmetrics - Portfolio Selection and Optimization},
  author = {Diethelm Wuertz and Tobias Setz and Yohan Chalabi and Chris Boudt and Pierre Chausse and Michal Miklovac},
  year = {2017},
  note = {R package version 3042.83.1},
  url = {https://CRAN.R-project.org/package=fPortfolio},
}
@Manual{fBasics,
  title = {Rmetrics - Markets and Basic Statistics},
  author = {Diethelm Wuertz and Tobias Setz and Yohan Chalabi and Chris Boudt and Pierre Chausse and Michal Miklovac},
  year = {2017},
  note = {R package version 3042.83.1},
  url = {https://CRAN.R-project.org/package=fBasics},
}
@Manual{MFTSR,
  title = {Modelling Financial Time Series with R},
  author = {Eric Zivot},
  year = {2011},
  note = {R package version 1.0},
  url = {https://r-forge.r-project.org/projects/mftsr/},
}
@Manual{fAssets,
  title = {Rmetrics - Analysing and Modelling Financial Assets},
  author = {Diethelm Wuertz and Tobias Setz and Yohan Chalabi and Chris Boudt and Pierre Chausse and Michal Miklovac},
  year = {2017},
  note = {R package version 3042.83},
  url = {https://CRAN.R-project.org/package=fAssets},
}
@Manual{portes,
  title = {Portmanteau Tests for Univariate and Multivariate Time Series
Models},
  author = {Esam Mahdi and Ian McLeod},
  year = {2020},
  note = {R package version 5.0},
  url = {https://CRAN.R-project.org/package=portes},
}
@Manual{RQuantLib,
  title = {R Interface to the 'QuantLib' Library},
  author = {Dirk Eddelbuettel and Khanh Nguyen and Terry Leitch},
  year = {2020},
  note = {R package version 0.4.12},
  url = {https://CRAN.R-project.org/package=RQuantLib},
}
@Manual{rugarch,
  title = {Univariate GARCH Models},
  author = {Alexios Ghalanos and Tobias Kley},
  year = {2020},
  note = {R package version 1.4-4},
  url = {https://CRAN.R-project.org/package=rugarch},
}
@Manual{tidyquant,
  title = {Tidy Quantitative Financial Analysis},
  author = {Matt Dancho},
  year = {2020},
  note = {R package version 1.0.2},
  url = {https://CRAN.R-project.org/package=tidyquant},
}
@Manual{TTR,
  title = {Technical Trading Rules},
  author = {Joshua Ulrich},
  year = {2020},
  note = {R package version 0.24.2},
  url = {https://CRAN.R-project.org/package=TTR},
}
@Manual{PerformanceAnalytics,
  title = {Econometric Tools for Performance and Risk Analysis},
  author = {Brian G. Peterson and Peter Carl},
  year = {2020},
  note = {R package version 2.0.4},
  url = {https://CRAN.R-project.org/package=PerformanceAnalytics},
}
@Manual{quantmod,
  title = {Quantitative Financial Modelling Framework},
  author = {Jeffrey A. Ryan and Joshua M. Ulrich},
  year = {2020},
  note = {R package version 0.4.18},
  url = {https://CRAN.R-project.org/package=quantmod},
}
@InCollection{knitr2014,
  booktitle = {Implementing Reproducible Computational Research},
  editor = {Victoria Stodden and Friedrich Leisch and Roger D. Peng},
  title = {knitr: A Comprehensive Tool for Reproducible Research in {R}},
  author = {Yihui Xie},
  publisher = {Chapman and Hall/CRC},
  year = {2014},
  note = {ISBN 978-1466561595},
  url = {http://www.crcpress.com/product/isbn/9781466561595},
}
